@inproceedings{he2016experience,
  title={Experience report: System log analysis for anomaly detection},
  author={He, Shilin and Zhu, Jieming and He, Pinjia and Lyu, Michael R},
  booktitle={IEEE 27th International Symposium on Software Reliability Engineering (ISSRE)},
  pages={207--218},
  year={2016}
}